<?xml version="1.0" encoding="UTF-8"?><record xmlns="http://www.loc.gov/MARC21/slim" xmlns:cinclude="http://apache.org/cocoon/include/1.0" xmlns:zs="http://www.loc.gov/zing/srw/">
  <leader>00365nz  a2200121n  4500</leader>
  <controlfield tag="001">no 91008568 </controlfield>
  <controlfield tag="003">DLC</controlfield>
  <controlfield tag="005">19910405060725.5</controlfield>
  <controlfield tag="008">910402n| acannaab|          |n ana      </controlfield>
  <datafield tag="010" ind1=" " ind2=" ">
    <subfield code="a">no 91008568 </subfield>
  </datafield>
  <datafield tag="040" ind1=" " ind2=" ">
    <subfield code="a">DLC-S</subfield>
    <subfield code="c">DLC-S</subfield>
  </datafield>
  <datafield tag="110" ind1="2" ind2="0">
    <subfield code="a">Nordberg Manufacturing Company</subfield>
  </datafield>
  <datafield tag="670" ind1=" " ind2=" ">
    <subfield code="a">Progress (Milwaukee, Wis.). Progress, 1st quarter 1963:</subfield>
    <subfield code="b">t.p. (Nordberg Manufacturing Company)</subfield>
  </datafield>
</record>